<?xml version="1.0" encoding="UTF-8"?><collection xmlns="http://www.loc.gov/MARC21/slim"><record><leader>00693nam--2200217-u-4500</leader><controlfield tag="001">000053384</controlfield><controlfield tag="002">20161230</controlfield><controlfield tag="005">20161230201051</controlfield><controlfield tag="008">110323s1000------------r-----000-0-eng-d</controlfield><datafield ind1=" " ind2=" " tag="020"><subfield code="a">0750305061</subfield></datafield><datafield ind1=" " ind2=" " tag="040"><subfield code="a">IFIN-HH</subfield></datafield><datafield ind1=" " ind2=" " tag="080"><subfield code="a">530.1:51-7</subfield></datafield><datafield ind1="1" ind2=" " tag="100"><subfield code="a">Buchbinder, Ioseph L</subfield></datafield><datafield ind1="1" ind2="0" tag="245"><subfield code="a">Ideas and methods of supersymetry and supergravity</subfield><subfield code="b">Or a walk hrough superspace</subfield><subfield code="c">Ioseph l. buchbinder; sergei m. kuzenko</subfield></datafield><datafield ind1=" " ind2=" " tag="250"><subfield code="a">Revised Edition</subfield></datafield><datafield ind1=" " ind2=" " tag="260"><subfield code="a">Bristol</subfield><subfield code="b">Institute Of Physics Publishing</subfield><subfield code="c">1998</subfield></datafield><datafield ind1=" " ind2=" " tag="300"><subfield code="a">656P</subfield></datafield><datafield ind1=" " ind2=" " tag="490"><subfield code="a">Studies In High Energy Physicss, Cosmology And Gravitation</subfield></datafield><datafield ind1="1" ind2=" " tag="700"><subfield code="a">Kuzenko, Sergei M</subfield></datafield><datafield ind1=" " ind2=" " tag="852"><subfield code="a">81589</subfield><subfield code="c">530.1</subfield></datafield><datafield ind1=" " ind2=" " tag="CAT"><subfield code="a">Sys</subfield><subfield code="c">20110323</subfield><subfield code="h">132008</subfield></datafield></record></collection>